<collection xmlns="http://www.loc.gov/MARC21/slim">
<record>
  <leader>03271nam0a22004931i 450 </leader>
  <controlfield tag="001">IT\ICCU\CNCE\039963</controlfield>
  <controlfield tag="005">20100331000000.0</controlfield>
  <datafield tag="012" ind1=" " ind2=" ">
    <subfield code="a">o-e- ami- cu1. exnu (3) 1580 (A)</subfield>
    <subfield code="2">fei</subfield>
    <subfield code="9">1</subfield>
  </datafield>
  <datafield tag="012" ind1=" " ind2=" ">
    <subfield code="a">a-de s.a- 6.ra reno (3) 1580 (A)</subfield>
    <subfield code="2">fei</subfield>
    <subfield code="9">2</subfield>
  </datafield>
  <datafield tag="012" ind1=" " ind2=" ">
    <subfield code="a">b.t, r.in i-ne nuAl (3) 1580 (A)</subfield>
    <subfield code="2">fei</subfield>
    <subfield code="9">3</subfield>
  </datafield>
  <datafield tag="100" ind1=" " ind2=" ">
    <subfield code="a">19981113d1580        0itac0103    ba</subfield>
  </datafield>
  <datafield tag="101" ind1=" " ind2=" ">
    <subfield code="a">LAT</subfield>
  </datafield>
  <datafield tag="102" ind1=" " ind2=" ">
    <subfield code="a">IT</subfield>
  </datafield>
  <datafield tag="200" ind1="1" ind2=" ">
    <subfield code="a">Consiliorum siue malis responsorum Mariani Socini junioris iurisconsultissimi, patricii Senensis, equitis, et pontificiae, caesareque aulae comitis, ac consistorialis aduocati praeclarissimi, volumen primum \-quartus!. Nunc primum, non minori studio, quam vigilantia, ab erratis, quibus undique fere scatebat, candide repurgatum, et pristino suo nitori veluti iure quodam postliminii restitutum. Accesserunt hac postrema editione non contemnendae additiones i.v. consultissimi. d. Hieronymi Zanchi Bergomensis. Cum summis rerum insignium, et indice copiosissimo</subfield>
  </datafield>
  <datafield tag="210" ind1=" " ind2=" ">
    <subfield code="a">Venetiis</subfield>
    <subfield code="c">apud Hieronymum Zenarum</subfield>
    <subfield code="d">&amp; fratres</subfield>
    <subfield code="d">1580</subfield>
  </datafield>
  <datafield tag="215" ind1=" " ind2=" ">
    <subfield code="a">4 v.</subfield>
    <subfield code="d">fol</subfield>
  </datafield>
  <datafield tag="620" ind1=" " ind2=" ">
    <subfield code="a">IT</subfield>
    <subfield code="d">Venezia</subfield>
  </datafield>
  <datafield tag="700" ind1=" " ind2="1">
    <subfield code="a">Soccini,</subfield>
    <subfield code="b">Mariano</subfield>
    <subfield code="c"> &lt;il giovane&gt;</subfield>
    <subfield code="3">IT\ICCU\CNCA\000090</subfield>
  </datafield>
  <datafield tag="702" ind1=" " ind2="1">
    <subfield code="a">Zanchi,</subfield>
    <subfield code="b">Girolamo</subfield>
    <subfield code="c"> &lt;m. 1576&gt;</subfield>
    <subfield code="3">IT\ICCU\CNCA\003173</subfield>
  </datafield>
  <datafield tag="712" ind1="0" ind2="0">
    <subfield code="a">Zenaro, Girolamo</subfield>
    <subfield code="3">IT\ICCU\CNCT\003330</subfield>
    <subfield code="4">650</subfield>
  </datafield>
  <datafield tag="790" ind1=" " ind2="1">
    <subfield code="a">Socino,</subfield>
    <subfield code="b">Mariano</subfield>
    <subfield code="3">IT\ICCU\CNCA\024012</subfield>
    <subfield code="z">Soccini, Mariano &lt;il giovane&gt;</subfield>
  </datafield>
  <datafield tag="790" ind1=" " ind2="1">
    <subfield code="a">Socinus,</subfield>
    <subfield code="b">Marianus</subfield>
    <subfield code="c"> &lt;il giovane&gt;</subfield>
    <subfield code="3">IT\ICCU\CNCA\024013</subfield>
    <subfield code="z">Soccini, Mariano &lt;il giovane&gt;</subfield>
  </datafield>
  <datafield tag="790" ind1=" " ind2="1">
    <subfield code="a">Socini,</subfield>
    <subfield code="b">Mariano</subfield>
    <subfield code="c"> &lt;il giovane&gt;</subfield>
    <subfield code="3">IT\ICCU\CNCA\024014</subfield>
    <subfield code="z">Soccini, Mariano &lt;il giovane&gt;</subfield>
  </datafield>
  <datafield tag="790" ind1=" " ind2="1">
    <subfield code="a">Soccino,</subfield>
    <subfield code="b">Mariano</subfield>
    <subfield code="3">IT\ICCU\CNCA\024015</subfield>
    <subfield code="z">Soccini, Mariano &lt;il giovane&gt;</subfield>
  </datafield>
  <datafield tag="790" ind1=" " ind2="1">
    <subfield code="a">Sozinus,</subfield>
    <subfield code="b">Marianus</subfield>
    <subfield code="3">IT\ICCU\CNCA\024016</subfield>
    <subfield code="z">Soccini, Mariano &lt;il giovane&gt;</subfield>
  </datafield>
  <datafield tag="790" ind1=" " ind2="1">
    <subfield code="a">Zanchus,</subfield>
    <subfield code="b">Hieronymus</subfield>
    <subfield code="3">IT\ICCU\CNCA\020841</subfield>
    <subfield code="z">Zanchi, Girolamo &lt;m. 1576&gt;</subfield>
  </datafield>
  <datafield tag="791" ind1="0" ind2="0">
    <subfield code="a">Zenarus, Hieronymus</subfield>
    <subfield code="3">IT\ICCU\CNCT\005826</subfield>
    <subfield code="z">Zenaro, Girolamo</subfield>
  </datafield>
  <datafield tag="791" ind1="0" ind2="0">
    <subfield code="a">Zenarius, Hieronymus</subfield>
    <subfield code="3">IT\ICCU\CNCT\005827</subfield>
    <subfield code="z">Zenaro, Girolamo</subfield>
  </datafield>
  <datafield tag="801" ind1=" " ind2="3">
    <subfield code="a">IT</subfield>
    <subfield code="b">ICCU</subfield>
    <subfield code="c">20201114</subfield>
  </datafield>
  <datafield tag="899" ind1=" " ind2=" ">
    <subfield code="a">Biblioteca comunale Matteo Renato Imbriani. Corato</subfield>
    <subfield code="z">MUTILO</subfield>
    <subfield code="1">BA0090</subfield>
    <subfield code="2">BA1 23</subfield>
  </datafield>
  <datafield tag="899" ind1=" " ind2=" ">
    <subfield code="a">Biblioteca S. Giacomo del Monastero benedettino. Pontida</subfield>
    <subfield code="1">BG0196</subfield>
    <subfield code="2">ZBG 03</subfield>
  </datafield>
  <datafield tag="899" ind1=" " ind2=" ">
    <subfield code="a">Biblioteca del Seminario maggiore. Bressanone</subfield>
    <subfield code="1">BZ0013</subfield>
    <subfield code="2">ZBZ 05</subfield>
  </datafield>
  <datafield tag="899" ind1=" " ind2=" ">
    <subfield code="a">Biblioteca Apostolica Vaticana. Citt ̉del Vaticano</subfield>
    <subfield code="1">EX0001</subfield>
    <subfield code="2">ZCV 01</subfield>
  </datafield>
  <datafield tag="899" ind1=" " ind2=" ">
    <subfield code="a">Biblioteca don Giovanni Verit ̉del Comune e dell&apos;Accademia degli Incamminati. Modigliana</subfield>
    <subfield code="z">MUTILO</subfield>
    <subfield code="1">FC0038</subfield>
    <subfield code="2">RAV MD</subfield>
  </datafield>
  <datafield tag="899" ind1=" " ind2=" ">
    <subfield code="a">Biblioteca di Scienze sociali. Firenze</subfield>
    <subfield code="z">MUTILO</subfield>
    <subfield code="1">FI0597</subfield>
    <subfield code="2">UFI KE</subfield>
  </datafield>
  <datafield tag="899" ind1=" " ind2=" ">
    <subfield code="a">Biblioteca nazionale Braidense. Milano</subfield>
    <subfield code="1">MI0185</subfield>
    <subfield code="2">MIL NB</subfield>
  </datafield>
  <datafield tag="899" ind1=" " ind2=" ">
    <subfield code="a">Biblioteca Universit ̉Commerciale Luigi Bocconi. Milano</subfield>
    <subfield code="z">MUTILO</subfield>
    <subfield code="1">MI0274</subfield>
    <subfield code="2">ZMI 68</subfield>
  </datafield>
  <datafield tag="899" ind1=" " ind2=" ">
    <subfield code="a">Biblioteca nazionale Vittorio Emanuele III. Napoli</subfield>
    <subfield code="z">MUTILO</subfield>
    <subfield code="1">NA0079</subfield>
    <subfield code="2">NAP BN</subfield>
  </datafield>
  <datafield tag="899" ind1=" " ind2=" ">
    <subfield code="a">Biblioteca delle facolt ̉di Giurisprudenza e Scienze politiche dell&apos;Universit ̉degli studi di Urbino. Urbino</subfield>
    <subfield code="1">PU0127</subfield>
    <subfield code="2">URB AG</subfield>
  </datafield>
  <datafield tag="899" ind1=" " ind2=" ">
    <subfield code="a">Archivio storico comunale. Fondo antico Roncalli. Vigevano</subfield>
    <subfield code="1">PV0356</subfield>
    <subfield code="2">LO1 53</subfield>
  </datafield>
  <datafield tag="899" ind1=" " ind2=" ">
    <subfield code="a">Biblioteca nazionale centrale. Roma</subfield>
    <subfield code="1">RM0267</subfield>
    <subfield code="2">BVE CR</subfield>
  </datafield>
  <datafield tag="899" ind1=" " ind2=" ">
    <subfield code="a">Biblioteca Casanatense. Roma</subfield>
    <subfield code="1">RM0313</subfield>
    <subfield code="2">RML 07</subfield>
  </datafield>
  <datafield tag="899" ind1=" " ind2=" ">
    <subfield code="a">Biblioteca comunale. Trento</subfield>
    <subfield code="z">MUTILO</subfield>
    <subfield code="1">TN0121</subfield>
    <subfield code="2">ZTN 01</subfield>
  </datafield>
  <datafield tag="899" ind1=" " ind2=" ">
    <subfield code="a">Biblioteca civica. Verona</subfield>
    <subfield code="1">VR0059</subfield>
    <subfield code="2">ZVR 02</subfield>
  </datafield>
</record>
</collection>
